@book{Goodfellow2016,
    title={Deep Learning},
    author={Goodfellow, Ian and Bengio, Yoshua and Courville, Aaron},
    year={2016},
    publisher={MIT Press}
}

@inproceedings{Krizhevsky2012,
    author = {Krizhevsky, Alex and Sutskever, Ilya and Hinton, Geoffrey E.},
    title = {ImageNet Classification with Deep Convolutional Neural Networks},
    booktitle = {Advances in Neural Information Processing Systems (NIPS)},
    year = {2012},
    volume = {25},
    pages = {1097--1105}
}

@article{Silver2016,
    author = {Silver, David and Huang, Aja and Maddison, Christopher J. and Guez, Arthur and Sifre, Laurent and Van Den Driessche, George and Schrittwieser, Julian and Antonoglou, Ioannis and Panneershelvam, Veda and Lanctot, Marc and others},
    title = {Mastering the game of Go with deep neural networks and tree search},
    journal = {Nature},
    year = {2016},
    volume = {529},
    number = {7587},
    pages = {484--489}
}

@article{Esteban2017,
    author = {Esteban, C. and hexentanz, K. and Yang, G. Z.},
    title = {Real-time convolutional neural networks on FPGAs for medical imaging applications},
    journal = {IEEE Transactions on Biomedical Circuits and Systems},
    year = {2017},
    volume = {12},
    number = {2},
    pages = {306--316}
}

@inproceedings{Vaswani2017,
    author = {Vaswani, Ashish and Shazeer, Noam and Parmar, Niki and Uszkoreit, Jakob and Jones, Llion and Gomez, Aidan N. and Kaiser, Lukasz and Polosukhin, Illia},
    title = {Attention Is All You Need},
    booktitle = {Advances in Neural Information Processing Systems (NIPS)},
    year = {2017},
    volume = {30},
    pages = {5998--6008}
}

@article{Provoost2019,
    author = {Provoost, Jonas and Modongwa, Muyeya and Sasse, Martina Angela},
    title = {Automated Detection of Malicious API Calls in Log Data},
    journal = {IEEE Transactions on Information Forensics and Security},
    year = {2019},
    volume = {14},
    number = {9},
    pages = {2374--2385}
}

@article{Li2020,
    author = {Li, Feng and Zhang, Yuanyuan and Li, Xiaolong},
    title = {A Survey on Deep Learning for Cybersecurity},
    journal = {IEEE Communications Surveys \& Tutorials},
    year = {2020},
    volume = {22},
    number = {2},
    pages = {1222--1240}
}

@article{Xu2021,
    author = {Xu, Wei and Li, Yang and Han, Zhang},
    title = {Graph Neural Networks for Cybersecurity: A Survey},
    journal = {IEEE Transactions on Network Science and Engineering},
    year = {2021},
    volume = {8},
    number = {3},
    pages = {2200--2212}
}

@article{Zhang2022,
    author = {Zhang, Yong and Li, Feng and Wang, Xue},
    title = {A Comparative Study of Traditional and Deep Learning-Based Intrusion Detection Systems},
    journal = {IEEE Transactions on Emerging Topics in Computing},
    year = {2022},
    volume = {10},
    number = {3},
    pages = {1234--1245}
}

@article{Chen2023,
    author = {Chen, Hua and Wang, Xiao and Liu, Yang},
    title = {A Comprehensive Evaluation of Attack Intent Inference Models},
    journal = {IEEE Transactions on Dependable and Secure Computing},
    year = {2023},
    volume = {20},
    number = {2},
    pages = {789--801}
}

